<record><leader>00000cas a22000007a 4500</leader><controlfield tag="001">23095154</controlfield><controlfield tag="008">910213d1888189uctudn ne      0    0eng d</controlfield><datafield ind1=" " ind2=" " tag="010"><subfield code="a">sn 90066614 </subfield></datafield><datafield ind1=" " ind2=" " tag="040"><subfield code="a">NYS</subfield><subfield code="b">eng</subfield><subfield code="c">NYS</subfield><subfield code="d">CNW</subfield><subfield code="d">OCLCQ</subfield><subfield code="d">OCLCF</subfield><subfield code="d">OCLCO</subfield></datafield><datafield ind1="1" ind2=" " tag="029"><subfield code="a">AU@</subfield><subfield code="b">000020632208</subfield></datafield><datafield ind1=" " ind2=" " tag="042"><subfield code="a">msc</subfield></datafield><datafield ind1=" " ind2=" " tag="043"><subfield code="a">n-us-ct</subfield></datafield><datafield ind1="0" ind2=" " tag="130"><subfield code="a">Evening transcript (Derby, Conn.)</subfield></datafield><datafield ind1="1" ind2="4" tag="245"><subfield code="a">The evening transcript.</subfield></datafield><datafield ind1=" " ind2=" " tag="260"><subfield code="a">Birmingham [Derby], Conn. :</subfield><subfield code="b">Derby Print. Co.</subfield></datafield><datafield ind1=" " ind2=" " tag="300"><subfield code="a">v.</subfield></datafield><datafield ind1=" " ind2=" " tag="310"><subfield code="a">Daily (except Sunday),</subfield><subfield code="b">&lt;Feb. 16, 1893&gt;</subfield></datafield><datafield ind1=" " ind2=" " tag="321"><subfield code="a">Daily (except Wednesday and Sunday),</subfield><subfield code="b">1888-&lt;Sept. 2, 1892&gt;</subfield></datafield><datafield ind1="1" ind2=" " tag="362"><subfield code="a">Began in Dec. 1888.</subfield></datafield><datafield ind1=" " ind2=" " tag="500"><subfield code="a">Birmingham became known as Derby, ca. 1893.</subfield></datafield><datafield ind1=" " ind2=" " tag="515"><subfield code="a">Suspended with issue for Dec. 31, 1888. Resumed with issue for Jan. 12, 1889.</subfield></datafield><datafield ind1=" " ind2=" " tag="515"><subfield code="a">Issues for &lt;Sept. 27, 1890-Feb. 10, 1893&gt; also called: Whole no. &lt;452-923&gt;.</subfield></datafield><datafield ind1=" " ind2=" " tag="530"><subfield code="a">Available on microfilm from New England Micrographics, Marlboro, Mass.</subfield></datafield><datafield ind1=" " ind2=" " tag="530"><subfield code="a">Also issued on microfilm from Connecticut State Library, Hartford, CT.</subfield></datafield><datafield ind1=" " ind2=" " tag="580"><subfield code="a">Weekly eds.: Derby transcript, 1888-189, and: Weekly transcript (Derby, Conn.), 189 -189.</subfield></datafield><datafield ind1=" " ind2=" " tag="588"><subfield code="a">Description based on: Vol. 1, no. 2 (Dec. 3, 1888).</subfield></datafield><datafield ind1=" " ind2="0" tag="651"><subfield code="a">Derby (Conn.)</subfield><subfield code="v">Newspapers.</subfield></datafield><datafield ind1=" " ind2="0" tag="651"><subfield code="a">Shelton (Conn.)</subfield><subfield code="v">Newspapers.</subfield></datafield><datafield ind1=" " ind2="7" tag="655"><subfield code="a">Newspapers.</subfield><subfield code="2">fast</subfield><subfield code="0">(OCoLC)fst01423814</subfield></datafield><datafield ind1=" " ind2="7" tag="651"><subfield code="a">Connecticut</subfield><subfield code="z">Derby.</subfield><subfield code="2">fast</subfield><subfield code="0">(OCoLC)fst01232441</subfield></datafield><datafield ind1=" " ind2="7" tag="651"><subfield code="a">Connecticut</subfield><subfield code="z">Shelton.</subfield><subfield code="2">fast</subfield><subfield code="0">(OCoLC)fst01224873</subfield></datafield><datafield ind1=" " ind2=" " tag="752"><subfield code="a">United States</subfield><subfield code="b">Connecticut</subfield><subfield code="c">New Haven</subfield><subfield code="d">Birmingham.</subfield></datafield><datafield ind1=" " ind2=" " tag="752"><subfield code="a">United States</subfield><subfield code="b">Connecticut</subfield><subfield code="c">New Haven</subfield><subfield code="d">Derby.</subfield></datafield><datafield ind1="1" ind2=" " tag="775"><subfield code="t">Derby transcript</subfield><subfield code="w">(DLC)sn 84022378</subfield><subfield code="w">(OCoLC)10383250</subfield></datafield><datafield ind1="1" ind2=" " tag="775"><subfield code="t">Weekly transcript (Derby, Conn.)</subfield><subfield code="w">(DLC)sn 92051244</subfield><subfield code="w">(OCoLC)25848143</subfield></datafield></record>